<record xmlns="http://www.openarchives.org/OAI/2.0/" xmlns:xsi="http://www.w3.org/2001/XMLSchema-instance"><header><identifier>oai:alma.34CSIC_INST:9917880000304201</identifier><datestamp>2020-03-05T10:57:15Z</datestamp><setSpec>manuscripta</setSpec></header><metadata><record xmlns="http://www.loc.gov/MARC21/slim" xmlns:xsi="http://www.w3.org/2001/XMLSchema-instance" xsi:schemaLocation="http://www.loc.gov/MARC21/slim http://www.loc.gov/standards/marcxml/schema/MARC21slim.xsd"><leader>01610ntm a2200313 i 4500</leader><controlfield tag="005">20200305114012.0</controlfield><controlfield tag="008">101028sn       sp            000 0 ara d</controlfield><controlfield tag="001">9917880000304201</controlfield><datafield tag="035" ind1=" " ind2=" "><subfield code="a">CSIC9917880000304201</subfield></datafield><datafield tag="040" ind1=" " ind2=" "><subfield code="a">ES-MaCSI</subfield><subfield code="b">spa</subfield></datafield><datafield tag="245" ind1="1" ind2="0"><subfield code="a">Anotaciones informales y cuentas sobre pagos hechos para reparaciones en el muro y la cisterna de propiedades familiares</subfield><subfield code="h">[Manuscrito]</subfield></datafield><datafield tag="260" ind1=" " ind2=" "><subfield code="a">[S. l.],</subfield><subfield code="c">861 [1453].</subfield></datafield><datafield tag="300" ind1=" " ind2=" "><subfield code="a">1  f.</subfield><subfield code="c">22,5 x 10,5 cm.</subfield></datafield><datafield tag="490" ind1="1" ind2=" "><subfield code="a">Manuscripta</subfield></datafield><datafield tag="546" ind1=" " ind2=" "><subfield code="a">Arabe</subfield><subfield code="b">Escritura magrebí cursiva</subfield></datafield><datafield tag="500" ind1=" " ind2=" "><subfield code="a">Distribución: 24 líneas</subfield></datafield><datafield tag="500" ind1=" " ind2=" "><subfield code="a">Cantidades expresadas en números rumíes</subfield></datafield><datafield tag="500" ind1=" " ind2=" "><subfield code="a">Material: Papel</subfield></datafield><datafield tag="500" ind1=" " ind2=" "><subfield code="a">Tinta: Negra</subfield></datafield><datafield tag="518" ind1=" " ind2=" "><subfield code="a">ŷumādà I de 861 / marzo-abril de 1453</subfield></datafield><datafield tag="541" ind1=" " ind2=" "><subfield code="a">Procedencia: desconocida</subfield></datafield><datafield tag="583" ind1=" " ind2=" "><subfield code="a">Catalogación de María Dolores Rodríguez (UGR) y Amalia Zomeño (ILC, CSIC) en el marco del proyecto de investigación "La Granada nazarí en el siglo XV: microhistoria de una entidad islámica en Occidente" (FFI2016-79252-P), AEI/FEDER, EU, dirigido desde la Escuela de Estudios Árabes.</subfield></datafield><datafield tag="650" ind1=" " ind2="7"><subfield code="a">Contabilidad</subfield><subfield code="z">Granada (Reino)</subfield><subfield code="y">14..</subfield><subfield code="2">CSICAU</subfield></datafield><datafield tag="650" ind1=" " ind2="7"><subfield code="a">Propiedad inmobiliaria</subfield><subfield code="z">Granada (Reino)</subfield><subfield code="y">14..</subfield><subfield code="2">CSICAU</subfield></datafield><datafield tag="650" ind1=" " ind2="7"><subfield code="a">Documentos árabes</subfield><subfield code="z">Granada (Reino)</subfield><subfield code="y">14..</subfield><subfield code="2">CSICAU</subfield></datafield><datafield tag="651" ind1=" " ind2="7"><subfield code="a">Granada (Reino)</subfield><subfield code="x">Historia</subfield><subfield code="y">14..</subfield><subfield code="v">Fuentes.</subfield><subfield code="2">CSICAU</subfield></datafield><datafield tag="773" ind1="1" ind2=" "><subfield code="w">9917876698104201</subfield><subfield code="t">Documentos árabes</subfield><subfield code="h">[Manuscrito]</subfield></datafield><datafield tag="830" ind1=" " ind2="0"><subfield code="a">Manuscripta</subfield></datafield><datafield tag="856" ind1="4" ind2="1"><subfield code="u">http://simurg.bibliotecas.csic.es/viewer/image/9917880000304201/1/LOG_0000/</subfield><subfield code="z">Ver texto completo en SIMURG, el portal de fondos digitalizados del CSIC</subfield></datafield></record></metadata></record>